@misc{ wikidomotica,
  author = {Wikipedia},
  title = {Domotica},
  year = {2014},
  note = {\\http://it.wikipedia.org/wiki/Domotica}
}


@misc{ wikimodbus,
  author = {Wikipedia},
  title = {Modbus},
  year = {2014},
  note = {\\http://it.wikipedia.org/wiki/Modbus}
}

@MISC{lpc1768,
author={NXP},
title= {LPC1769/68/67/66/65/64/63 Datasheet},
organization={NXP},
year= {2014},
note= {\\http://www.nxp.com/documents/data\_sheet/LPC1769\_68\_67\_66\_65\_64\_63.pdf}
}


@MISC{lpc1788,
author={NXP},
title= {LPC178x/7x Datasheet},
organization={NXP},
year= {2014},
note= {\\http://www.nxp.com/documents/data\_sheet/LPC178X\_7X.pdf}
}


@MISC{dht,
author={D-Robotics},
title= {DHT11 Humidity \& Temperature Sensor},
year= {2010},
note= {\\http://www.micro4you.com/files/sensor/DHT11.pdf}
}


@MISC{modmodicon,
author={Modicon},
title= {Modbus Protocol Reference Guide},
organization={Modicon},
year= {1996},
note= {\\http://web.eecs.umich.edu/~modbus/documents/PI\_MBUS\_300.pdf}
}


@MISC{uez,
author={TeamFDI},
title= {$\mu EZ$ \copyright v2.05 Software Userâ€™s Guide},
year= {2013},
note= {\\http://www.teamfdi.com/uez/files//MA00016\%20uEZ\%20Software\%20User's\%20Guide.pdf}
}


@MISC{emwin,
author={Segger},
title= {emWin},
year= {2014},
note= {\\http://www.segger.com/admin/uploads/productDocs/UM03001\_emWin5.pdf}
}


@MISC{uart,
author={Wikipedia},
title= {UART},
year= {2013},
note= {\\http://it.wikipedia.org/wiki/UART}
}



@MISC{rs232,
author={Wikipedia},
title= {RS-232},
year= {2014},
note= {\\http://en.wikipedia.org/wiki/RS-232}
}



@MISC{pic,
author={Microchip},
title= {PIC16F7X Datasheet},
year= {2007},
note= {\\http://ww1.microchip.com/downloads/en/DeviceDoc/30325b.pdf}
}


@MISC{picbus,
author={Microchip},
title= {PIC16F627A/628A/648A Datasheet},
year= {2007},
note= {\\http://web.mit.edu/6.115/www/datasheets/16f628.pdf}
}



@MISC{frtos,
author={Wikipedia},
title= {FreeRTOS},
year= {2014},
note= {\\http://en.wikipedia.org/wiki/FreeRTOS}
}


@MISC{frtos,
author={Wikipedia},
title= {FreeRTOS},
year= {2014},
note= {\\http://en.wikipedia.org/wiki/FreeRTOS}
}


@MISC{elettronica,
author={Montusci Giuseppe},
title= {Imparare l'elettronica partendo da zero},
year= {n.a.}
}


@MISC{fummi,
author={F. Fummi, M. sami, C. Silvano},
title= {Progettazione digitale},
year= {2007}
}

